--- COMMENTS may be placed outside the @ENTRYTYPE{ ... } stuctures
--- CMS guidelines
---- All URLs for CMS notes, ANs, etc, should refer to the CDS server, not the CMS server. Use our standard format for them, as shown below.
---- If a collaboration is referenced by the collaboration name, it should be listed in the AUTHOR field. If by a first author + "and others", the collaboration name must be listed in the COLLABORATION field.
----   We use the collaboration in preference to the author field, but most journals will list both.
---- Use only the URL field instead of embedding an href (this is a change in our practice).
---- A reference only published on the arXiv should be listed as UNPUBLISHED (with a note "Submitted to XXX" for CMS papers).
---- Some journals will lowercase the title: use {} to protect words which must be capitalized, e.g., {LHC}, {TeV}, {CERN}, {CMS}. Do not escape the entire title as it will then clash with the journal style.

@Article{pdg,
     author    = "{K. Nakamura et al. (Particle Data Group)}",
     title     = "Review of particle physics",
     journal   = "J. Phys.", 
     volume    = "G37",
     year      = "2010",
     pages     = "075021",
     doi       = "10.1088/0954-3899/37/7A/075021"
}

@Article{Higgs1,
     author    = "{F. Englert and R. Brout}",
     title     = "Broken symmetries and the masses of gauge bosons",
     journal   = "Phys. Rev. Lett.",
     volume    = "13",
     year      = "1964",
     pages     = "321",
     doi       = "10.1103/PhysRevLett.13.321"
}

@Article{Higgs2,
     author    = "{P. W. Higgs}",
     title     = "Broken symmetry and the mass of gauge vector mesons",
     journal   = "Phys. Rev. Lett.",
     volume    = "13",
     year      = "1964",
     pages     = "508",
     doi       = "10.1103/PhysRevLett.13.508"
}

@Article{Higgs3,
      author         = "Guralnik, G.S. and Hagen, C.R. and Kibble, T.W.B.",
      title          = "{Global Conservation Laws and Massless Particles}",
      journal        = "Phys.Rev.Lett.",
      volume         = "13",
      pages          = "585-587",
      doi            = "10.1103/PhysRevLett.13.585",
      year           = "1964",
}

@Article{dittmar,
     author    = "{M.~Dittmar and H.~K.~Dreiner}",
     title     = "How to find a Higgs boson with a mass between 155 and 180 GeV at the CERN LHC",
     journal   = "Phys. Rev.",
     volume    = "D55",
     year      = "1997",
     pages     = "167",
     doi       = "10.1103/PhysRevD.55.167"
}

@Article{HWWAnalysis_Alpha,
     author    = "{G. Bauer {\it et. al.}}",
     title     = "{A Higgs Boson Search in the Fully Leptonic $W^+W^-$ Final State}", 
     journal   = "{AN-2011/155}",
     year = "2011"
}

@Article{HWWAnalysis_A,
     author    = "{J. Brochero {\it et. al.}}",
     title     = "{Search for the Higgs Boson in the Fully Leptonic WW Final State}", 
     journal   = "{AN-2010/201}",
     year = "2011"
}

@Article{HWW2010,
     author    = "{CMS Collaboration}",
     title     = "Measurement of WW Production and Search for the Higgs Boson in pp Collisions at $\sqrt{s}$ = 7 TeV",
     journal   = "arXiv:1102.5429",
     year = "2010"
}

@Article{VBTFCrossSectionNote,
   author = "{J. Alcaraz Maestre, \textit{et al.}}",
   title = "Updated Measurements of Inclusive W and Z Cross Sections at $\sqrt{s}=7$ TeV",
   journal = "CMS AN-2010/264",
   year = "2010"
}

@Article{ggWWError,
     author    = "{F.~ Stoeckli}",
     title     = "{http://indico.cern.ch/getFile.py/access?contribId=0\&resId=1\&materialId=slides\&confId=49009}", 
     journal   = "{EWK Diboson meeting of March 12 2009}",
     year = "2009"
}

@Article{ElIso,
     author    = "{A. Vartak, M. LeBourgeois, V. Sharma}",
     title     = "{Lepton Isolation in the CMS Tracker, ECAL and HCAL}", 
     journal   = "{CMS AN-2010/106}",
     year = "2010"
}

@MISC{json,
NOTE="Official JSON file,
{\tt /afs/cern.ch/cms/CAF/CMSCOMM/COMM\_DQM/certification/Collisions11/7TeV/Prompt/Cert\_160404-163869\_7TeV\_PromptReco\_Collisions11\_JSON.txt}"
}

@Article{PVDA,
     author    = "{W. Erdmann, M. LeBourgeois, B. Mangano}",
     title     = "{https://indico.cern.ch/getFile.py/access?contribId=5\&sessionId=3\&resId=1\&materialId=slides\&confId=127127}", 
     journal   = "{note in preparation}",
     year = "2011"
}

@Article{NExpHits,
     author    = "{B. Mangano et al.}",
     title     = "{Improvement in Photon Conversion Rejection Performance Using Advanced Tracking Tools}",
     journal   = "AN-10-283",
     year = "2010"
}

@Article{fakeLeptonNote1,
     author    = "{S.~Xie, \textit{et al.}}",
     title     = "{Study of Data-Driven Methods for Estimation of Fake Lepton Backgrounds}",
     journal   = "CMS AN-2009/120",
     year = "2009"
}

@Article{fakeLeptonNote2,
     author    = "{W.~Andrews, \textit{et al.}}",
     title     = "{Fake Rates for dilepton Analyses}",
     journal   = "CMS AN-2010/257",
     year = "2010"
}

@Article{fakeLeptonBkgSpillage1,
     author    = "{F. Golf, D. Evans, J. Mulmenstadt  \textit{et al.}}",
     title     = "{Expectations for observation of top quark pair production in the dilepton final state with the early CMS data}",
     journal   = "CMS AN-2009/050",
     year = "2009"
}

@Article{dyestnote,
     author    = "{W.~Andrews, \textit{et al.}}",
     title     = "{A Method to Measure the Contribution of \dyll\ to a di-lepton + MET Selection}",
     journal   = "CMS AN-2009/023",
     year = "2009"
}

@Article{jes,
     author    = "{CMS Collaboration}",
     title     = "{Jet Energy Calibration with Photon+Jet Events}",
     journal   = "PAS JME-09-004",
     year = "2009"
}

@Article{jetpas,
     collaboration    = "CMS",
     title     = "{Jet Performance in pp Collisions at $\sqrt{s}=7 \rm\ TeV$}",
     journal = "CMS PAS",
     volume      = "JME-10-003",
     year    = "2010"
}

@Article{btag,
     author    = "{CMS collaboration}",
     title     = "{Commissioning of b-jet identification with pp collisions at sqrt(s) = 7TeV}",
     journal   = "BTV-10-001",
     year = "2010"
}

@Article{antikt,
     author    = "Cacciari, Matteo and Salam, Gavin P. and Soyez, Gregory",
     title     = "{The anti-$k_t$ jet clustering algorithm}",
     journal   = "JHEP",
     volume    = "04",
     year      = "2008",
     pages     = "063",
     eprint    = "0802.1189",
     archivePrefix = "arXiv",
     primaryClass  =  "hep-ph"
}

@Article{ConversionNote,
     author    = "{W.~Andrews, \textit{et al.}}",
     title     = "{Study of photon conversion rejection at CMS}",
     journal   = "CMS AN-2009/159",
     year = "2010"
}


@Article{tmva,
     author    = "{A. Hoecker et al.}",
     title    = "TMVA - toolkit for multivariate data analysis",
     eprint   = "0703039",
     archivePrefix = "arXiv",
     primaryclass = {physics},
     year = "2007",
     Slaccitation = {%%CITATION = 0703039;%%},
}

@MISC{XS,
NOTE="CMS Generator group,
{\tt Standard Model Cross Sections for CMS at 7 TeV, 2010}"
}

@MISC{PDF4LHC,
NOTE="PDF4LHC Working Group,
{\tt http://www.hep.ucl.ac.uk/pdf4lhc/PDF4LHCrecom.pdf}"
}

@Article{Nadolsky:2008zw,
     author    = "Nadolsky, Pavel M. and others",
     title     = "{Implications of CTEQ global analysis for collider
                  observables}",
     journal   = "Phys. Rev.",
     volume    = "D78",
     year      = "2008",
     pages     = "013004",
     eprint    = "0802.0007",
     archivePrefix = "arXiv",
     primaryClass  =  "hep-ph",
     doi       = "10.1103/PhysRevD.78.013004",
     SLACcitation  = "%%CITATION = 0802.0007;%%"
}

@Article{Martin:2009iq,
     author    = "Martin, A. D. and Stirling, W. J. and Thorne, R. S. and
                  Watt, G.",
     title     = "{Parton distributions for the LHC}",
     journal   = "Eur. Phys. J.",
     volume    = "C63",
     year      = "2009",
     pages     = "189-285",
     eprint    = "0901.0002",
     archivePrefix = "arXiv",
     primaryClass  =  "hep-ph",
     doi       = "10.1140/epjc/s10052-009-1072-5",
     SLACcitation  = "%%CITATION = 0901.0002;%%"
}

@Article{Ball:2010de,
     author    = "Ball, Richard D. and others",
     title     = "{A first unbiased global NLO determination of parton
                  distributions and their uncertainties}",
     year      = "2010",
     eprint    = "1002.4407",
     archivePrefix = "arXiv",
     primaryClass  =  "hep-ph",
     SLACcitation  = "%%CITATION = 1002.4407;%%"
}

@Article{bayesian,
     author    = "{A. O'Hagan and J.J. Forster}",
     title = "Bayesian Inference",
     journal   = "{Kendalls Advanced Theory of Statistics, Arnold, London}", 
     volume    = "2B",
     year      = "2004"
}

@Article{ref:tagprobe_mit_w,
     author    = "{G. Bauer {\it et. al.}}",
     title = "Lepton effiencies for the inclusive W cross section measurement with 36.1pb$^{-1}$",
     journal   = "{AN2011/097}", 
     year      = "2011"
}

@Article{ref:tagprobe_snt_top,
     author    = "{W. Andrews {\it et. al.}}",
     title = "Uncertainties on the Lepton Selection Efficiency for t$t\bar{t}$ Cross Section Analysis",
     journal   = "{AN2010/274}", 
     year      = "2010"
}

@article{LHCHiggsCrossSectionWorkingGroup:2011ti,
   author         = "{LHC Higgs Cross Section Working Group} and Dittmaier, S.
                   and Mariotti, C. and Passarino, G. and Tanaka (Eds.), R. and others",
   title          = "Handbook of LHC Higgs Cross Sections: Inclusive Observables",
   year           = "2011",
   eprint         = "1101.0593",
   archivePrefix  = "arXiv",
   primaryClass   = "hep-ph",
}

@Article{PFMET,
     author    = "{CMS collaboration}",
     title     = "{CMS MET Performance in Events Containing Electroweak Bosons from pp Collisions at $\sqrt{s}=7$ TeV}",
     journal   = "CMS PAS JME-2010-005",
     year = "2010"
}

@Article{trkMET1,
   author    = "{Marco Zanetti {\it et. al.}}",
   title     = "$\met$ with PU in $\hww\to2\ell$",
   journal   = "{https://indico.cern.ch/conferenceDisplay.py?confId=131580}", 
   year      = "2011"
}

@Article{trkMET2,
   author    = "{Benjamin Hooberman {\it et. al.}}",
   title     = "$\met$ with PU in MC and First 2011 Data",
   journal   = "{https://indico.cern.ch/contributionDisplay.py?contribId=5\&confId=132579}", 
   year      = "2011"
}

@Article{lands,
     author    = "{M. Chen, A. Korytov}",
     title     = "{LandS: Limits and Signifcance}", 
     journal   = "{https://mschen.web.cern.ch/mschen/LandS/}",
     year = "2010"
}

@article{MCFMHiggsProduction,
   author         = "{J. Campbell, R.K. Ellis, G. Zanderighi}",
   title          = "Next-to-Leading order Higgs + 2 jet production via gluon fusion",
     journal   = "JHEP",
     volume    = "0610",
     year      = "2006",
     pages     = "028",
     eprint    = "0608.194",
     archivePrefix = "arXiv",
     primaryClass  =  "hep-ph"
}

@article{MCFMVVProduction,
   author      = "{J. Campbell, R.K. Ellis, C. Williams}",
   title       = "Vector boson pair production at the LHC",
     journal   = "arxiv:hep-ph/1105.0020",
     year      = "2011",
     pages     = "028"
}
